<?xml version="1.0" encoding="UTF-8"?><collection xmlns="http://www.loc.gov/MARC21/slim"><record><leader>00503nam--2200181-i-4500</leader><controlfield tag="001">000032457</controlfield><controlfield tag="002">20161230</controlfield><controlfield tag="005">20161230201039</controlfield><controlfield tag="008">060222s1000------------r-----000-0-fre-d</controlfield><datafield ind1=" " ind2=" " tag="040"><subfield code="a">IFIN-HH</subfield></datafield><datafield ind1=" " ind2=" " tag="041"><subfield code="a">fre</subfield></datafield><datafield ind1=" " ind2=" " tag="080"><subfield code="a">537.5(043)</subfield></datafield><datafield ind1="1" ind2=" " tag="100"><subfield code="a">Marec, Jean Lucien Ernest</subfield></datafield><datafield ind1="1" ind2="0" tag="245"><subfield code="a">Ondes de gaine, amortissements non collisionnels</subfield><subfield code="b">These</subfield><subfield code="c">Jean lucien ernest marec</subfield></datafield><datafield ind1=" " ind2=" " tag="260"><subfield code="a">Orasay</subfield><subfield code="b">Universite De Paris-sud</subfield><subfield code="c">1974</subfield></datafield><datafield ind1=" " ind2=" " tag="300"><subfield code="a">155P</subfield></datafield><datafield ind1=" " ind2=" " tag="852"><subfield code="a">43346</subfield><subfield code="c">537.52</subfield></datafield><datafield ind1=" " ind2=" " tag="CAT"><subfield code="a">Sys</subfield><subfield code="c">20110804</subfield><subfield code="h">105338</subfield></datafield></record></collection>